<record><leader>00000cas a22000007a 4500</leader><controlfield tag="001">22922063</controlfield><controlfield tag="008">910104d184u184ukyuwr ne      0    0eng d</controlfield><datafield ind1=" " ind2=" " tag="010"><subfield code="a">sn 90066171 </subfield></datafield><datafield ind1=" " ind2=" " tag="040"><subfield code="a">NYS</subfield><subfield code="b">eng</subfield><subfield code="c">NYS</subfield><subfield code="d">OCLCQ</subfield></datafield><datafield ind1=" " ind2=" " tag="042"><subfield code="a">msc</subfield></datafield><datafield ind1="0" ind2="0" tag="245"><subfield code="a">Louisville weekly courier and American republican.</subfield></datafield><datafield ind1="3" ind2="0" tag="246"><subfield code="a">Weekly courier and American republican</subfield></datafield><datafield ind1=" " ind2=" " tag="260"><subfield code="a">Louisville, Ky. :</subfield><subfield code="b">W.N. Haldeman</subfield></datafield><datafield ind1=" " ind2=" " tag="300"><subfield code="a">v.</subfield></datafield><datafield ind1=" " ind2=" " tag="310"><subfield code="a">Weekly</subfield></datafield><datafield ind1=" " ind2=" " tag="500"><subfield code="a">"Louisville" appears within title ornament, &lt;Dec. 17, 1844&gt;.</subfield></datafield><datafield ind1=" " ind2=" " tag="580"><subfield code="a">Daily ed.: Louisville morning courier and American democrat.</subfield></datafield><datafield ind1=" " ind2=" " tag="588"><subfield code="a">Description based on: Vol. 2, no. 7 (Dec. 17, 1844).</subfield></datafield><datafield ind1=" " ind2=" " tag="752"><subfield code="a">United States</subfield><subfield code="b">Kentucky</subfield><subfield code="c">Jefferson</subfield><subfield code="d">Louisville.</subfield></datafield><datafield ind1="1" ind2=" " tag="775"><subfield code="t">Louisville morning courier and American democrat</subfield><subfield code="w">(DLC)sn 86069203</subfield></datafield><datafield ind1="0" ind2="0" tag="785"><subfield code="t">American democrat &amp; weekly courier</subfield><subfield code="w">(DLC)sn 86069211</subfield></datafield></record>